@article{ventola2015antibiotic,
  title={The antibiotic resistance crisis: part 1: causes and threats},
  author={Ventola, C Lee},
  journal={Pharmacy and Therapeutics},
  volume={40},
  number={4},
  pages={277},
  year={2015},
  publisher={MediMedia, USA}
}

@article{doi:10.1093/emph/eou024,
author = {Read, Andrew F. and Woods, Robert J.},
title = {Antibiotic resistance management},
journal = {Evolution, Medicine, and Public Health},
volume = {2014},
number = {1},
pages = {147},
year = {2014},
doi = {10.1093/emph/eou024},
URL = { + http://dx.doi.org/10.1093/emph/eou024},
eprint = {/oup/backfile/Content_public/Journal/emph/2014/1/10.1093/emph/eou024/2/eou024.pdf}
}

@article{nature2013,
  doi = {10.1038/495141a},
  url = {https://doi.org/10.1038%2F495141a},
  year  = {2013},
  month = {mar},
  publisher = {Springer Nature},
  volume = {495},
  number = {7440},
  pages = {141--141},
  title = {The antibiotic alarm},
  journal = {Nature}
}
